@article{Wachter2005,
author = {Wachter, Jessica a.},
doi = {10.1016/j.frl.2005.08.001},
issn = {15446123},
journal = {Finance Research Letters},
keywords = {Catching up with the Joneses,Habit formation,Numerical solution methods},
number = {4},
pages = {210--226},
title = {{Solving models with external habit}},
volume = {2},
year = {2005}
}
@article{Campbell1999,
author = {Campbell, John Y. and Cochrane, John H.},
doi = {10.1086/250059},
file = {:G$\backslash$:/Box Sync/2015 Fall/Econ 651/Reading/Campbell\_Cochrane(JPE).pdf:pdf},
isbn = {0022-3808},
issn = {00223808},
journal = {Journal of Political Economy},
number = {2},
pages = {205},
pmid = {250059},
title = {{By Force of Habit: A Consumption-Based Explanation of Aggregate Stock Market Behavior}},
volume = {107},
year = {1999}
}

@article{nagel2008,
	title={Do Wealth Fluctuations Generate {Time-Varying} Risk Aversion? {Micro-Evidence} on Individuals Asset Allocation {(Digest} Summary)},
	author={Markus K Brunnermeier and Stefan Nagel},
	journal={American Economic Review},
	volume={98},
	number={3},
	pages={713-736},
	year={2008},
	abstract={The authors use survey data about household income and wealth composition to test whether the effects of liquid wealth changes on households' risky asset balances implied by models with time-varying risk aversion correspond to the microdata. Although liquid  ...}
}


@article{Agnew:2003,
	author = {Agnew, Julie and Balduzzi, Pierluigi and Sund{\'e}n, Annika},
	title = {{Portfolio Choice and Trading in a Large 401(k) Plan}},
	journal = {American Economic Review},
	year = {2003},
	volume = {93},
	number = {1},
	pages = {193}
}


@article{Campbell_Sweden,
	author = {Calvet, Laurent E and Campbell, John Y and Sodini, Paolo},
	title = {{Fight or Flight? Portfolio Rebalancing by Individual Investors}},
	journal = {The Quarterly Journal of Economics},
	year = {2009},
	volume = {124},
	number = {1},
	pages = {301--348},
	month = feb
}

@article{Laibson_6d,
	author = {Gabaix, Xavier and Laibson, David},
	title = {{The 6D Bias and the Equity-Premium Puzzle}},
	journal = {NBER Macroeconomics Annual},
	year = {2001},
	volume = {16},
	pages = {257--312},
	month = jan
}

@article{BILIAS:2010,
	author = {BILIAS, YANNIS and GEORGARAKOS, DIMITRIS and HALIASSOS, MICHAEL},
	title = {{Portfolio Inertia and Stock Market Fluctuations}},
	journal = {Journal of Money, Credit and Banking},
	year = {2010},
	volume = {42},
	number = {4},
	pages = {715--742}
}

@article{ChrisGust2009,
	author = {Gust, Christopher J and Lopez-Salido, David},
	title = {{Portfolio Inertia and the Equity Premium}},
	journal = {SSRN Electronic Journal},
	year = {2009}
}
@article{LuoYoung2006,
	author = {Luo, Yulei and Young, Eric},
	title = {{Rational Inattention and Aggregate Fluctuations}},
	journal = {SSRN Electronic Journal},
	year = {2006}
}


@article{Alvarez:AER,
	author = {Alvarez, Fernando and Guiso, Luigi and Lippi, Francesco},
	title = {{Durable Consumption and Asset Management with Transaction and Observation Costs}},
	journal = {American Economic Review},
	year = {2012},
	volume = {102},
	number = {5},
	pages = {2272--2300},
	month = aug
}

@article{Abel:EMCA,
	author = {Abel, Andrew B and Eberly, Janice C and Panageas, Stavros},
	title = {{Optimal Inattention to the Stock Market With Information Costs and Transactions Costs}},
	journal = {Econometrica},
	year = {2013},
	volume = {81},
	number = {4},
	pages = {1455--1481},
	month = jul
}

@article{Caplin:1987QJE,
	author = {Caplin, Andrew S and Spulber, Daniel F},
	title = {{Menu Costs and the Neutrality of Money}},
	journal = {The Quarterly Journal of Economics},
	year = {1987},
	volume = {102},
	number = {4},
	pages = {703},
	month = nov
}
@article{DuffieSun1990,
	author = {Duffie, D and Sun, T},
	title = {{Transactions costs and portfolio choice in a discrete-continuous-time setting}},
	journal = {Journal of Economic Dynamics and Control},
	year = {1990}
}

@article{Abel:AER2007,
	author = {Abel, Andrew B and Eberly, Janice C and Panageas, Stavros},
	title = {{Optimal Inattention to the Stock Market}},
	journal = {The American Economic Review},
	year = {2007},
	volume = {97},
	number = {2},
	pages = {244--249},
	month = may
}

@article{Merton:1969,
	author = {Merton, Robert C},
	title = {{Lifetime Portfolio Selection under Uncertainty: The Continuous-Time Case}},
	journal = {The Review of Economics and Statistics},
	year = {1969},
	volume = {51},
	number = {3},
	pages = {247},
	month = aug
}

@article{Lustig:2012,
	author = {Chien, Yili and Cole, Harold and Lustig, Hanno},
	title = {{Is the Volatility of the Market Price of Risk Due to Intermittent Portfolio Rebalancing?}},
	journal = {American Economic Review},
	year = {2012},
	volume = {102},
	number = {6},
	pages = {2859--96},
	month = may
}

@book{Stockey:2009,
	author = {Nancy L. Stokey},
	publisher = {Princeton University Press},
	title = {The Economics of Inaction: Stochastic Control Models with Fixed Costs},
	year = {2009}
}
@book{smooth_pasting,
	author = {Dixit, Avinash},
	day = {11},
	howpublished = {Paperback},
	isbn = {3718653842},
	keywords = {411-2, investment},
	month = may,
	posted-at = {2007-01-04 22:22:10},
	priority = {2},
	publisher = {Routledge},
	title = {{Art of Smooth Pasting, The (Fundamentals of Pure and Applied Economics)}},
	year = {1993}
}
@article{FinancialAttention:2015,
	author = {Sicherman, Nachum and Loewenstein, George and Seppi, Duane J and Utkus, Stephen},
	title = {{Financial Attention}},
	journal = {Review of Financial Studies},
	year = {2015},
	volume = {29},
	number = {4},
	pages = {hhv073--897},
	month = nov
}


@article{LucasGolosov:2007,
	author = {Golosov, Mikhail and Lucas Jr., Robert E},
	title = {{Menu Costs and Phillips Curves}},
	journal = {Journal of Political Economy},
	year = {2007},
	volume = {115},
	number = {2},
	pages = {171--199},
	month = apr
}

@article{Smets_Wouters:AER:2007,
	Author = {Smets, Frank and Wouters, Rafael},
	Title = {Shocks and Frictions in US Business Cycles: A Bayesian DSGE Approach},
	Journal = {American Economic Review},
	Volume = {97},
	Number = {3},
	Year = {2007},
	Month = {June},
	Pages = {586-606},
	DOI = {10.1257/aer.97.3.586},
	URL = {http://www.aeaweb.org/articles?id=10.1257/aer.97.3.586}
}

@article{Farmers:2016,
	author = {Farmer, Roger and Zabczyk, Pawel},
	title = {{The Theory of Unconventional Monetary Policy}},
	year = {2016},
	month = mar,
	address = {Cambridge, MA},
	publisher = {National Bureau of Economic Research},
	affiliation = {National Bureau of Economic Research, Cambridge, MA},
	doi = {10.3386/w22135},
	read = {Yes}
}
@article{BGG:1999,
	author = {Bernanke, B S and Gertler, M and Gilchrist, S},
	title = {{The financial accelerator in a quantitative business cycle framework}},
	journal = {Handbook of Macroeconomics},
	year = {1999},
	read = {Yes},
	rating = {0},
}

@article{Gertler_Karadi:JME:2011,
	author = {Gertler, Mark and Karadi, Peter},
	title = {{A model of unconventional monetary policy}},
	journal = {Journal of monetary Economics},
	year = {2011},
	volume = {58},
	number = {1},
	pages = {17--34},
	month = jan,
	doi = {10.1016/j.jmoneco.2010.10.004},
	language = {English},
	read = {Yes},
	rating = {0},
}

@article{Duffie:JF:2010,
	author = {DUFFIE, DARRELL},
	title = {{Presidential Address: Asset Price Dynamics with Slow-Moving Capital}},
	journal = {The Journal of Finance},
	year = {2010},
	volume = {65},
	number = {4},
	pages = {1237--1267},
	month = aug,
	publisher = {Blackwell Publishing Inc},
	doi = {10.1111/j.1540-6261.2010.01569.x},
	language = {English},
	read = {Yes},
	rating = {0},
}

@article{Mitchell:AER:2007,
	author = {Mitchell, Mark and Pedersen, Lasse Heje and Pulvino, Todd},
	title = {{Slow Moving Capital}},
	journal = {American Economic Review},
	year = {2007},
	volume = {97},
	number = {2},
	pages = {215--220},
	month = may,
	doi = {10.1257/aer.97.2.215},
	issn = {0002-8282},
	language = {English},
	read = {Yes},
	rating = {0},
}

@article{Rudebusch:AEJ_MACRO:2012,
author = {Rudebusch, Glenn D and Swanson, Eric T},
title = {{The Bond Premium in a DSGE Model with Long-Run Real and Nominal Risks}},
journal = {American Economic Journal: Macroeconomics},
year = {2012},
volume = {4},
number = {1},
pages = {105--143},
month = jan
}

@article{Ameriks:wp:2002,
	author = {Ameriks, John and Zeldes, S.P.},
	file = {:home/xingguo/.local/share/data/Mendeley Ltd./Mendeley Desktop/Downloaded/Ameriks et al. - Unknown - How Do Household Portfolio Shares Vary With Age.pdf:pdf},
	journal = {TIAA-CREF working paper},
	number = {2},
	pages = {6--12},
	title = {{How do household portfolio shares vary with age}},
	url = {http://bear.cba.ufl.edu/karceski/fin6930/lecture notes/Ameriks{\_}Zeldes.pdf},
	volume = {112},
	year = {2002}
}

@incollection{CSHL:HFE:2004,
	author = {Curcuru, Stephanie and Heaton, John and Lucas, Deborah and Moore, Damien},
	booktitle = {Handbook of Financial Econometrics},
	isbn = {9780444508973},
	number = {September},
	pages = {1--58},
	title = {{Heterogeneity and Portfolio Choice: Theory and Evidence}},
	year = {2004}
}

@article{BS:WP:2015,
	year={2015},
	title={Firm Financing over the Business Cycle},
	journal={Review of Financial Study \textit{forcecoming}},
	author={Begenau, Juliane and Salomao, Juliana},
}

@article{MPR:Fed:2014,
	year={2014},
	title={A business cycle analysis of debt and equity financing},
	author={Karabarbounis, Marios and Macnamara, Patrick and {McCord,} Roisin},
}

@article{CH:AER:2011,
	year={2011},
	title={The cyclical behavior of debt and equity finance},
	doi={10.1257/aer.101.2.877},
	journal={American Economic Review},
	author={Covas, Francisco and Haan, Wouter J},
}
@article{CH:EJ:2012,
	author={Covas, Francisco and Haan, Wouter J},
	pages={1262-1286},
	file={/Users/admin/Documents/ReadCube Media/Covas et al-2012-Econ J.pdf;/Users/admin/Documents/ReadCube Media/Covas et al-2012-Econ J - supplement.pdf},
	year={2012},
	doi={10.1111/j.1468-0297.2012.02528.x},
	volume={122},
	number={565},
	title={The Role of Debt and Equity Finance Over the Business Cycle},
	issn={1468-0297},
	journal={The Economic Journal}
}

@article{EM:JME:2016,
	author={Eisfeldt, Andrea L and Muir, Tyler},
	pages={116-133},
	year={2016},
	doi={10.1016/j.jmoneco.2016.10.002},
	volume={84},
	title={Aggregate external financing and savings waves},
	issn={0304-3932},
	keywords={Business cycles
	Cash
	Corporate saving
	Cost of external finance
	Financial frictions
	Financial shocks},
	journal={Journal of Monetary Economics}
}

@article{BLY:WP:2015,
	author={Belo, Frederico and Lin, Xiaoji and Yang, Fan},
	year={2015},
	title={External Equity Financing Shocks, Financial Flows, and Asset Prices},
}

@article{MZ:JF:2014,
	author={McLean, David R and Zhao, Mengxin},
	pages={1377-1409},
	year={2014},
	doi={10.1111/jofi.12047},
	volume={69},
	number={3},
	journal = {Journal of Finance},
	title={The business cycle, investor sentiment, and costly external finance},
	issn={1540-6261}
}

@article{JPT:JME:2010,
	author = {Justiniano, Alejandro and Primiceri, Giorgio E. and Tambalotti, Andrea},
	doi = {10.1016/j.jmoneco.2009.12.008},
	isbn = {0304-3932},
	journal = {Journal of Monetary Economics},
	number = {2},
	pages = {132--145},
	title = {{Investment shocks and business cycles}},
	volume = {57},
	year = {2010}
}

@article{JPT:RED:2011,
	author = {Justiniano, Alejandro and Primiceri, Giorgio E. and Tambalotti, Andrea},
	doi = {10.1016/j.red.2010.08.004},
	issn = {10942025},
	journal = {Review of Economic Dynamics},
	number = {1},
	pages = {102--121},
	title = {{Investment shocks and the relative price of investment}},
	volume = {14},
	year = {2011}
}

@article{JerQua:AER:2012,
	Author = {Jermann, Urban and Quadrini, Vincenzo},
	Title = {Macroeconomic Effects of Financial Shocks},
	Journal = {American Economic Review},
	Volume = {102},
	Number = {1},
	Year = {2012},
	Month = {February},
	Pages = {238-71},
	DOI = {10.1257/aer.102.1.238},
	URL = {http://www.aeaweb.org/articles?id=10.1257/aer.102.1.238}
}

@article {HenWhited:JF:2007,
	author = {Hennessy, Christopher A. and Whited, Toni M.},
	title = {How Costly Is External Financing? Evidence from a Structural Estimation},
	journal = {The Journal of Finance},
	volume = {62},
	number = {4},
	publisher = {Blackwell Publishing Inc},
	issn = {1540-6261},
	pages = {1705--1745},
	year = {2007},
}

@article{KiyotakiMoore:JPE:1997,
	 ISSN = {00223808, 1537534X},
	 author = {Nobuhiro Kiyotaki and John Moore},
	 journal = {Journal of Political Economy},
	 number = {2},
	 pages = {211-248},
	 publisher = {The University of Chicago Press},
	 title = {Credit Cycles},
	 volume = {105},
	 year = {1997}
}

@article{ChristianoMottoRostagno:AER:2014,
	Author = {Christiano, Lawrence J. and Motto, Roberto and Rostagno, Massimo},
	Title = {Risk Shocks},
	Journal = {American Economic Review},
	Volume = {104},
	Number = {1},
	Year = {2014},
	Month = {January},
	Pages = {27-65},
}

@article{KhanThomas:JPE:2013,
	author = {Aubhik Khan and Julia K. Thomas},
	title = {Credit Shocks and Aggregate Fluctuations in an Economy with Production Heterogeneity},
	journal = {Journal of Political Economy},
	volume = {121},
	number = {6},
	pages = {1055-1107},
	year = {2013},
	doi = {10.1086/674142},
}

@article{Calvo:JME:1983,
	title = "Staggered prices in a utility-maximizing framework",
	journal = "Journal of Monetary Economics",
	volume = "12",
	number = "3",
	pages = "383 - 398",
	year = "1983",
	issn = "0304-3932",
	doi = "https://doi.org/10.1016/0304-3932(83)90060-0",
	url = "http://www.sciencedirect.com/science/article/pii/0304393283900600",
	author = "Guillermo A. Calvo"
}

@article{HaltiwangerJarminMiranda:REStat:2013,
	author = { John Haltiwanger  and  Ron S. Jarmin  and  Javier Miranda },
	title = {Who Creates Jobs? Small versus Large versus Young},
	journal = {The Review of Economics and Statistics},
	volume = {95},
	number = {2},
	pages = {347-361},
	year = {2013},
	doi = {10.1162/REST\_a\_00288},
}

@article{ChenSong:JME:2013,
	title = "Financial frictions on capital allocation: A transmission mechanism of TFP fluctuations",
	journal = "Journal of Monetary Economics",
	volume = "60",
	number = "6",
	pages = "683 - 703",
	year = "2013",
	issn = "0304-3932",
	doi = "https://doi.org/10.1016/j.jmoneco.2013.06.001",
	url = "http://www.sciencedirect.com/science/article/pii/S0304393213000858",
	author = "Kaiji Chen and Zheng Song",
	keywords = "Financial Friction, Capital Allocation, TFP Fluctuation, News Shock"
}

@article{MyersMajluf:JFE:1984,
	title = "Corporate financing and investment decisions when firms have information that investors do not have",
	journal = "Journal of Financial Economics",
	volume = "13",
	number = "2",
	pages = "187 - 221",
	year = "1984",
	issn = "0304-405X",
	doi = "https://doi.org/10.1016/0304-405X(84)90023-0",
	url = "http://www.sciencedirect.com/science/article/pii/0304405X84900230",
	author = "Stewart C. Myers and Nicholas S. Majluf"
}

@article{Krasker:JF:1986,
	ISSN = {00221082, 15406261},
	URL = {http://www.jstor.org/stable/2328346},
	abstract = {This paper characterizes the function relating the number of new shares issued by a firm to the resulting change in the firm's stock price, when insiders are asymmetrically informed. We show that, in equilibrium, the stock price will be a decreasing function of the issue size; moreover, the rate of decrease can be so rapid to cause "equity rationing." We also show that there will be underinvestment relative to the symmetric information case.},
	author = {William S. Krasker},
	journal = {The Journal of Finance},
	number = {1},
	pages = {93-105},
	publisher = {[American Finance Association, Wiley]},
	title = {Stock Price Movements in Response to Stock Issues under Asymmetric Information},
	volume = {41},
	year = {1986}
}

@article {DittmarThakor:JF:2007,
	author = {Dittmar, Amy and Thakor, Anjan},
	title = {Why Do Firms Issue Equity?},
	journal = {The Journal of Finance},
	volume = {62},
	number = {1},
	publisher = {Blackwell Publishing Inc},
	issn = {1540-6261},
	url = {http://dx.doi.org/10.1111/j.1540-6261.2007.01200.x},
	doi = {10.1111/j.1540-6261.2007.01200.x},
	pages = {1--54},
	year = {2007},
}

@article{GilchristHimmelbergHuberman:JME:2005,
	title = "Do stock price bubbles influence corporate investment?",
	journal = "Journal of Monetary Economics",
	volume = "52",
	number = "4",
	pages = "805 - 827",
	year = "2005",
	note = "SNB",
	issn = "0304-3932",
	doi = "https://doi.org/10.1016/j.jmoneco.2005.03.003",
	url = "http://www.sciencedirect.com/science/article/pii/S0304393205000437",
	author = "Simon Gilchrist and Charles P. Himmelberg and Gur Huberman",
	keywords = "Stock prices, Heterogeneous beliefs, Short sales constraints, Investment"
}

@article{HailLeuz:JAR:2006,
	author = {Hail, Luzi and Leuz, Christian},
	year = {2006},
	title = {International Differences in the Cost of Equity Capital: Do Legal Institutions and Securities Regulation Matter?},
	journal = {Journal of Accounting Research},
	publisher = {Wiley Online Library},
	issn = {1475-679X},
	doi = {10.1111/j.1475-679X.2006.00209.x},
	volume = {44},
	month = {6},
	pages = {485--531},
	number = {3},
	url = {http:https://doi.org/10.1111/j.1475-679X.2006.00209.x},
}

@article{AntoniouDoukasSubrahmanyam:MS:2016,
	author = {Constantinos Antoniou and John A. Doukas and Avanidhar Subrahmanyam},
	title = {Investor Sentiment, Beta, and the Cost of Equity Capital},
	journal = {Management Science},
	volume = {62},
	number = {2},
	pages = {347-367},
	year = {2016},
	doi = {10.1287/mnsc.2014.2101},
	URL = {https://doi.org/10.1287/mnsc.2014.2101},
	eprint = {https://doi.org/10.1287/mnsc.2014.2101}
}

@article{BakerWurgler:JEP:2007,
	Author = {Baker, Malcolm and Wurgler, Jeffrey},
	Title = {Investor Sentiment in the Stock Market},
	Journal = {Journal of Economic Perspectives},
	Volume = {21},
	Number = {2},
	Year = {2007},
	Month = {June},
	Pages = {129-152},
	DOI = {10.1257/jep.21.2.129},
	URL = {http://www.aeaweb.org/articles?id=10.1257/jep.21.2.129}
}
@article{Gomes:AER:2001,
	Author = {Gomes, Joao F.},
	Title = {Financing Investment},
	Journal = {American Economic Review},
	Volume = {91},
	Number = {5},
	Year = {2001},
	Month = {December},
	Pages = {1263-1285},
	DOI = {10.1257/aer.91.5.1263},
	URL = {http://www.aeaweb.org/articles?id=10.1257/aer.91.5.1263}
}
@article{Reiter:JEDC:2009,
	title = "Solving heterogeneous-agent models by projection and perturbation",
	journal = "Journal of Economic Dynamics and Control",
	volume = "33",
	number = "3",
	pages = "649 - 665",
	year = "2009",
	issn = "0165-1889",
	doi = "https://doi.org/10.1016/j.jedc.2008.08.010",
	url = "http://www.sciencedirect.com/science/article/pii/S0165188908001528",
	author = "Michael Reiter",
	keywords = "Heterogeneous agents, Projection methods, Perturbation methods, Invariant distribution"
}

@article{Missaka:FedNote:2017,
	title = "Equity Issuance and Retirement by Non-financial Corporations",
	journal = "FEDS Notes",
	volume="June 16",
	year = "2017",
	doi = "https://doi.org/10.17016/2380-7172.2008.",
	url = "https://www.federalreserve.gov/econres/notes/feds-notes/equity-issuance-and-retirement-by-nonfinancial-corporations-20170616.htm",
	author = "Kuchinski, William R. and Richard E. Ogden and Damian R. Thomas and Missaka Warusawitharana",
}

@article{RomerRomer:AER:2004,
Author = {Romer, Christina D. and Romer, David H.},
Title = {A New Measure of Monetary Shocks: Derivation and Implications},
Journal = {American Economic Review},
Volume = {94},
Number = {4},
Year = {2004},
Month = {September},
Pages = {1055-1084},
DOI = {10.1257/0002828042002651},
URL = {http://www.aeaweb.org/articles?id=10.1257/0002828042002651}
}


@article{GorodnichenkoWeber:AER:2016,
	Author = {Gorodnichenko, Yuriy and Weber, Michael},
	Title = {Are Sticky Prices Costly? Evidence from the Stock Market},
	Journal = {American Economic Review},
	Volume = {106},
	Number = {1},
	Year = {2016},
	Month = {January},
	Pages = {165-99},
	DOI = {10.1257/aer.20131513},
	URL = {http://www.aeaweb.org/articles?id=10.1257/aer.20131513}
}

@Article{GurkaynakSackSwanson:IJCB:2005,
	author={Refet S Gürkaynak and Brian Sack and Eric Swanson},
	title={{Do Actions Speak Louder Than Words? The Response of Asset Prices to Monetary Policy Actions and Statements}},
	journal={International Journal of Central Banking},
	year=2005,
	volume={1},
	number={1},
	pages={},
	month={May},
	keywords={},
	doi={},
}

@article{PurnanandamSwaminathan:WP:2006,
	author = {Purnanandam, Amiyatosh and Swaminathan, Bhaskaran},
	year = {2006},
	month = {11},
	pages = {},
	title = {Do Stock Prices Underreact to SEO Announcements? Evidence from SEO Valuation},
	booktitle = {SSRN Electronic Journal}
}

@article{McKeon:WP:2015,
	author = {McKeon, Stephen B.},
	year = {2015},
	month = {10},
	pages = {},
	title = {Employee Option Exercise and Equity Issuance Motives},
	booktitle = {SSRN Electronic Journal}
}

@article{ChoeMasulisNanda:JEF:1993,
	title = "Common stock offerings across the business cycle: Theory and evidence",
	journal = "Journal of Empirical Finance",
	volume = "1",
	number = "1",
	pages = "3 - 31",
	year = "1993",
	issn = "0927-5398",
	doi = "https://doi.org/10.1016/0927-5398(93)90003-A",
	url = "http://www.sciencedirect.com/science/article/pii/092753989390003A",
	author = "Hyuk Choe and Ronald W. Masulis and Vikram Nanda"
}
@ARTICLE{GHH:AER:1988,
	title = {Investment, Capacity Utilization, and the Real Business Cycle},
	author = {Greenwood, Jeremy and Hercowitz, Zvi and Huffman, Gregory},
	year = {1988},
	journal = {American Economic Review},
	volume = {78},
	number = {3},
	pages = {402-17}
}

@ARTICLE{AnSchorfheide:EconometricReview:2007,
	title = {Bayesian Analysis of DSGE Models},
	author = {An, Sungbae and Schorfheide, Frank},
	year = {2007},
	journal = {Econometric Reviews},
	volume = {26},
	number = {2-4},
	pages = {113-172},
	url = {https://EconPapers.repec.org/RePEc:taf:emetrv:v:26:y:2007:i:2-4:p:113-172}
}

@article{Graham:JF:2000,
	ISSN = {00221082, 15406261},
	URL = {http://www.jstor.org/stable/222480},
	author = {John R. Graham},
	journal = {The Journal of Finance},
	number = {5},
	pages = {1901--1941},
	publisher = {[American Finance Association, Wiley]},
	title = {How Big Are the Tax Benefits of Debt?},
	volume = {55},
	year = {2000}
}

@article{NakamuraSteinsson:QJE:2008,
	author = {Nakamura, Emi and Steinsson, Jón},
	title = {Five Facts about Prices: A Reevaluation of Menu Cost Models*},
	journal = {The Quarterly Journal of Economics},
	volume = {123},
	number = {4},
	pages = {1415-1464},
	year = {2008},
	doi = {10.1162/qjec.2008.123.4.1415},
	URL = {http://dx.doi.org/10.1162/qjec.2008.123.4.1415},
}


@article{GilchristHimmelberg:NBERMacroAnnual:1998,
	author = {Gilchrist, Simon and Himmelberg, Charles},
	title = {Investment: Fundamentals and Finance},
	journal = {NBER Macroeconomics Annual},
	volume = {13},
	number = {},
	pages = {223-262},
	year = {1998},
	doi = {10.1086/ma.13.4623744},
	URL = { 
	https://doi.org/10.1086/ma.13.4623744
	},
	eprint = { 
	https://doi.org/10.1086/ma.13.4623744
	}
}

@article{BakerSteinWurgler:QJE:2003,
	author = {Baker, Malcolm and Stein, Jeremy C. and Wurgler, Jeffrey},
	title = {When Does the Market Matter? Stock Prices and the Investment of Equity-Dependent Firms*},
	journal = {The Quarterly Journal of Economics},
	volume = {118},
	number = {3},
	pages = {969-1005},
	year = {2003},
	doi = {10.1162/00335530360698478},
	URL = {http://dx.doi.org/10.1162/00335530360698478},
	eprint = {/oup/backfile/content_public/journal/qje/118/3/10.1162/00335530360698478/2/118-3-969.pdf}
}

@article{MissakaWhited:RFS:2016,
	author = {Warusawitharana, Missaka and Whited, Toni M.},
	title = {Equity Market Misvaluation, Financing, and Investment},
	journal = {The Review of Financial Studies},
	volume = {29},
	number = {3},
	pages = {603-654},
	year = {2016},
	doi = {10.1093/rfs/hhv066},
	URL = {http://dx.doi.org/10.1093/rfs/hhv066},
	eprint = {/oup/backfile/content_public/journal/rfs/29/3/10.1093_rfs_hhv066/2/hhv066.pdf}
}

@article{OttonelloWinberry:NBER:2018,
	author = {Ottonello, Pablo and Winberry, Thomas},
	title = {Financial Heterogeneity and the Investment Channel of Monetary Policy},
	journal = {NBER Working Paper Series},
	year = {2018},

}


@article{KhanSengaThoma:WP:2016,
	title = "Default Risk and Aggregate Fluctuations in an Economy with Production Heterogeneity",
	author = "Khan, Aubhik and Senga, Tatsuro and Thomas, Julia K.",
	journal = "Working Paper",
	year = "2016",
	month = "November"
}

@article{Winberry:WP:2018,
	title = "A Method for Solving and Estimating
	Heterogeneous Agent Macro Models",
	author = "Winberry, Thomas",
	journal = "Working Paper",
	year = "2018",
	month = "January"
}

@article{BegenauSalomao:WP:2018,
	title = "Firm Financing Over the Business Cycle",
	author = "Begenau, Juliane and Salomao, Juliana",
	journal = "Working Paper",
	year = "2018",
	month = "February"
}

@article{CrouzetMehrotra:WP:2018,
	title = "Small and Large Firms Over the Business Cycle",
	author = "Crouzet, Nicolas and Mehrotra, Neil R.",
	journal = "Working Paper",
	year = "2018",
	month = "January"
}

@article{AlganAllaisHaan:JEDC:2008,
	title = "Solving heterogeneous-agent models with parameterized cross-sectional distributions",
	journal = "Journal of Economic Dynamics and Control",
	volume = "32",
	number = "3",
	pages = "875 - 908",
	year = "2008",
	issn = "0165-1889",
	doi = "https://doi.org/10.1016/j.jedc.2007.03.007",
	url = "http://www.sciencedirect.com/science/article/pii/S0165188907001042",
	author = "Yann Algan and Olivier Allais and Wouter J. Den Haan",
}

@book{Gali:Textbook:2008,
	title = {Introduction to Monetary Policy, Inflation, and the Business Cycle: An Introduction to the New Keynesian Framework},
	author = {Gali, Jordi},
	year = {2008},
	booktitle = {Monetary Policy, Inflation, and the Business Cycle: An Introduction to the New Keynesian Framework},
	publisher = {Princeton University Press}
}

@article{FazzariHubPet:Brookings:1988,
	ISSN = {00072303, 15334465},
	URL = {http://www.jstor.org/stable/2534426},
	author = {Steven M. Fazzari and R. Glenn Hubbard and Bruce C. Petersen and Alan S. Blinder and James M. Poterba},
	journal = {Brookings Papers on Economic Activity},
	number = {1},
	pages = {141--206},
	publisher = {Brookings Institution Press},
	title = {Financing Constraints and Corporate Investment},
	volume = {1988},
	year = {1988}
}

@article{BeckerIvashina:JME:2014,
	title = "Cyclicality of credit supply: Firm level evidence",
	journal = "Journal of Monetary Economics",
	volume = "62",
	pages = "76 - 93",
	year = "2014",
	issn = "0304-3932",
	doi = "https://doi.org/10.1016/j.jmoneco.2013.10.002",
	url = "http://www.sciencedirect.com/science/article/pii/S0304393213001372",
	author = "Bo Becker and Victoria Ivashina",
	keywords = "Banks, Financial markets and the macroeconomy, Business cycles, Credit cycles"
}

@article{ZetlinShourideh:JME:2017,
	title = "External financing and the role of financial frictions over the business cycle: Measurement and theory",
	journal = "Journal of Monetary Economics",
	volume = "92",
	pages = "1 - 15",
	year = "2017",
	issn = "0304-3932",
	doi = "https://doi.org/10.1016/j.jmoneco.2017.08.001",
	author = "Ariel Zetlin-Jones and Ali Shourideh",
}

@article{EisfeldtRampini:JME:2006,
	title = "Capital reallocation and liquidity",
	journal = "Journal of Monetary Economics",
	volume = "53",
	number = "3",
	pages = "369 - 399",
	year = "2006",
	issn = "0304-3932",
	doi = "https://doi.org/10.1016/j.jmoneco.2005.04.006",
	author = "Andrea L. Eisfeldt and Adriano A. Rampini",
	keywords = "Capital reallocation, Liquidity, Frictions, Business cycle"
}

@article{FosterHaltiwangerSyverson:Economica:2016,
	author = {Foster, Lucia and Haltiwanger, John and Syverson, Chad},
	title = {The Slow Growth of New Plants: Learning about Demand?},
	journal = {Economica},
	year={2016},
	volume = {83},
	number = {329},
	pages = {91-129},
	doi = {10.1111/ecca.12172},
	url = {https://onlinelibrary.wiley.com/doi/abs/10.1111/ecca.12172},
}

@article{Tauchen:EL:1986,
	title = "Finite state markov-chain approximations to univariate and vector autoregressions",
	journal = "Economics Letters",
	volume = "20",
	number = "2",
	pages = "177 - 181",
	year = "1986",
	issn = "0165-1765",
	doi = "https://doi.org/10.1016/0165-1765(86)90168-0",
	url = "http://www.sciencedirect.com/science/article/pii/0165176586901680",
	author = "George Tauchen"
}

@article{BueraMoll:AEJ-Macro:2015,
	Author = {Buera, Francisco J. and Moll, Benjamin},
	Title = {Aggregate Implications of a Credit Crunch: The Importance of Heterogeneity},
	Journal = {American Economic Journal: Macroeconomics},
	Volume = {7},
	Number = {3},
	Year = {2015},
	Month = {July},
	Pages = {1-42},
	DOI = {10.1257/mac.20130212},
	URL = {http://www.aeaweb.org/articles?id=10.1257/mac.20130212}}

@techreport{Dilger:CRS:2018,
	Author = {Dilger, Robert Jay},
	Title = {Small Business Administration and Job Creation},
	institution = {Congressional Research Service},
	Number = {41523},
	Year = {2018},
	Month = {February},
	URL = {https://fas.org/sgp/crs/misc/R41523.pdf}
}

@misc{Shane:Web:2016,
Author = {Shane, Scott},
Title = {Patents Granted to Small Entities in Decline},
Year = {2016},
Month = {January},
URL = {https://smallbiztrends.com/2010/07/how-smart-is-the-average-entrepreneur.html}
}}

@article{GertlerGilchrist:QJE:1994,
	title = {Monetary Policy, Business Cycles, and the Behavior of Small Manufacturing Firms},
	author = {Gertler, Mark and Gilchrist, Simon},
	year = {1994},
	journal = {The Quarterly Journal of Economics},
	volume = {109},
	number = {2},
	pages = {309-340}
}

@article{HallingYuZechner:JFE:2016,
	title = "Leverage dynamics over the business cycle",
	journal = "Journal of Financial Economics",
	volume = "122",
	number = "1",
	pages = "21 - 41",
	year = "2016",
	issn = "0304-405X",
	doi = "https://doi.org/10.1016/j.jfineco.2016.07.001",
	url = "http://www.sciencedirect.com/science/article/pii/S0304405X16301222",
	author = "Michael Halling and Jin Yu and Josef Zechner",

}

@ARTICLE{AltinkilicHansen:RFS:2000,
	title = {Are There Economies of Scale in Underwriting Fees? Evidence of Rising External Financing Costs},
	author = {Altinkilic, Oya and Hansen, Robert},
	year = {2000},
	journal = {Review of Financial Studies},
	volume = {13},
	number = {1},
	pages = {191-218},
}

@techreport{WielandYang:NBER:2016,
	title = "Financial Dampening",
	author = "Wieland, Johannes F and Yang, Mu-Jeung",
	institution = "National Bureau of Economic Research",
	type = "Working Paper",
	series = "Working Paper Series",
	number = "22141",
	year = "2016",
	month = "March",
	doi = {10.3386/w22141},
	URL = "http://www.nber.org/papers/w22141",
}

@article{AutoreKumarShome:JCorFin:2008,
	author = {Autore, Don M. and Kumar, Raman and Shome, Dilip K.},
	year = {2008},
	title = {The revival of shelf-registered corporate equity offerings},
	journal = {Journal of Corporate Finance},
	issn = {0929-1199},
	doi = {10.1016/j.jcorpfin.2007.12.001},
	volume = {14},
	month = {2},
	pages = {32--50},
	number = {1},
	url = {https://doi.org/10.1016/j.jcorpfin.2007.12.001}
}
